@article{nakamoto2008bitcoin,
  title={Bitcoin: A peer-to-peer electronic cash system},
  author={Nakamoto, Satoshi},
  journal={Decentralized Business Review},
  pages={21260},
  year={2008}
}
@article{buterin2013ethereum,
  title={Ethereum white paper},
  author={Buterin, Vitalik and others},
  journal={GitHub repository},
  volume={1},
  pages={22--23},
  year={2013}
}
@inproceedings{moser2013inquiry,
  title={An inquiry into money laundering tools in the Bitcoin ecosystem},
  author={M{\"o}ser, Malte and B{\"o}hme, Rainer and Breuker, Dominic},
  booktitle={2013 APWG eCrime researchers summit},
  pages={1--14},
  year={2013},
  organization={Ieee}
}
@inproceedings{christin2013traveling,
  title={Traveling the Silk Road: A measurement analysis of a large anonymous online marketplace},
  author={Christin, Nicolas},
  booktitle={Proceedings of the 22nd international conference on World Wide Web},
  pages={213--224},
  year={2013}
}